@misc{Zalakain2020Agda,
  author = {Uma Zalakain and Ornela Dardha},
  note = {\url{https://github.com/umazalakain/typing-linear-pi}},
  title = {Typing the {{Linear}} $\pi$-calculus -- {{Formalisation}} in {{Agda}}},
  year = 2020
}

@article{Allais2018a,
  author = {Allais, Guillaume},
  collaborator = {Wagner, Michael},
  copyright = {Creative Commons Attribution 3.0 Unported license (CC-BY 3.0)},
  doi = {10.4230/lipics.types.2017.1},
  file = {/home/uma/.zotero/data/storage/SSXF5PND/Allais - 2018 - Typing with Leftovers - A mechanization of Intuiti.pdf},
  keywords = {000 Computer science; knowledge; general works,Computer Science},
  language = {en},
  note = {\url{http://drops.dagstuhl.de/opus/volltexte/2018/10049/}},
  pages = {22 pages},
  title = {Typing with {{Leftovers}} - {{A}} Mechanization of {{Intuitionistic Multiplicative}}-{{Additive Linear Logic}}},
  year = {2018}
}

@inproceedings{DardhaGS12,
  author    = {Ornela Dardha and
               Elena Giachino and
               Davide Sangiorgi},
  title     = {Session types revisited},
  booktitle = {PPDP},
  year      = {2012},
  optpages     = {139-150},
  optpublisher = {ACM},
  optaddress   = {New York, NY, USA},
  doi       = {10.1145/2370776.2370794},
  bibsource = {DBLP, http://dblp.uni-trier.de}
}

@article{DardhaGS17,
  author    = {Ornela Dardha and
               Elena Giachino and
               Davide Sangiorgi},
  title     = {Session types revisited},
  journal   = {Inf. Comput.},
  volume    = {256},
  pages     = {253--286},
  year      = {2017},
  url       = {https://doi.org/10.1016/j.ic.2017.06.002},
  doi       = {10.1016/j.ic.2017.06.002},
  timestamp = {Fri, 31 Jan 2020 14:19:02 +0100},
  biburl    = {https://dblp.org/rec/journals/iandc/DardhaGS17.bib},
  bibsource = {dblp computer science bibliography, https://dblp.org}
}

@article{Padovani17,
  title={A simple library implementation of binary sessions},
  author={Padovani, Luca},
  volume={27},
  doi={10.1017/S0956796816000289},
  journal={Journal of Functional Programming},
  publisher={Cambridge University Press},
  year={2017},
  note={Website: \url{http://www.di.unito.it/~padovani/Software/FuSe/FuSe.html}}}
}

@inproceedings{ScalasY16,
  author    = {Alceste Scalas and
               Nobuko Yoshida},
  title     = {Lightweight Session Programming in Scala},
  booktitle = {ECOOP},
  optpages     = {21:1--21:28},
  year      = {2016},
  optseries    = {LIPIcs},
  optvolume    = {56},
  optpublisher = {Schloss Dagstuhl - Leibniz-Zentrum fuer Informatik},
  opturl       = {http://dx.doi.org/10.4230/LIPIcs.ECOOP.2016.21},
  doi       = {10.4230/LIPIcs.ECOOP.2016.21},
  timestamp = {Wed, 20 Jul 2016 15:20:05 +0200},
  biburl    = {http://dblp.uni-trier.de/rec/bib/conf/ecoop/ScalasY16},
  bibsource = {dblp computer science bibliography, http://dblp.org}
}

@inproceedings{ScalasDHY17,
  author    = {Alceste Scalas and
               Ornela Dardha and
               Raymond Hu and
               Nobuko Yoshida},
  title     = {A Linear Decomposition of Multiparty Sessions for Safe Distributed Programming},
  booktitle = {{ECOOP}},
  pages     = {24:1--24:31},
  year      = {2017},
  series    = {LIPIcs},
  volume    = {74},
  publisher = {Schloss Dagstuhl - Leibniz-Zentrum f{\"{u}}r Informatik},
  url       = {https://doi.org/10.4230/LIPIcs.ECOOP.2017.24},
  doi       = {10.4230/LIPIcs.ECOOP.2017.24},
  timestamp = {Fri, 27 Mar 2020 08:51:54 +0100},
  biburl    = {https://dblp.org/rec/conf/ecoop/ScalasDHY17.bib},
  bibsource = {dblp computer science bibliography, https://dblp.org}
}

@book{Sangio01,
  author    = {Davide Sangiorgi and David Walker},
  title     = {The $\pi$-calculus: a Theory of Mobile Processes},
  publisher = {Cambridge University Press},
  year      = {2001},
}

@inproceedings{KPT96,
  author    = {Naoki Kobayashi and
               Benjamin C. Pierce and
               David N. Turner},
  title     = {Linearity and the Pi-Calculus},
  booktitle = {POPL},
  optpublisher = {{ACM}},
  optpages     = {358--371},
  year      = {1996},
  opturl       = {http://doi.acm.org/10.1145/237721.237804},
  doi       = {10.1145/237721.237804},
  biburl    = {http://dblp.uni-trier.de/rec/bib/conf/popl/KobayashiPT96},
  bibsource = {dblp computer science bibliography, http://dblp.org}
}

@article{MilnerPW92,
  author    = {Robin Milner and
               Joachim Parrow and
               David Walker},
  title     = {A Calculus of Mobile Processes, Parts {I} and {II}},
  journal   = {Inf. Comput.},
  volume    = {100},
  number    = {1},
  optpages     = {1--77},
  year      = {1992},
  opturl    = {http://dx.doi.org/10.1016/0890-5401(92)90008-4},
  doi       = {10.1016/0890-5401(92)90008-4},
  timestamp = {Thu, 15 Jan 2015 17:11:51 +0100},
  biburl    = {http://dblp.uni-trier.de/rec/bib/journals/iandc/MilnerPW92a},
  bibsource = {dblp computer science bibliography, http://dblp.org}
}

@book{Milner99,
  author    = {Robin Milner},
  title     = {Communicating and Mobile Systems: the $\pi$-Calculus},
  publisher = {Cambridge University Press},
  ISBN      = {0 521 64320 1 (hc), 0 521 65869 1 (pbk)},
  month     = {may},
  year      = {1999},
}

@inproceedings{Wadler90,
  author    = {Philip Wadler},
  title     = {Linear Types can Change the World!},
  booktitle = {Programming Concepts and Methods},
  pages     = {561},
  year      = {1990},
  publisher = {North-Holland},
  timestamp = {Mon, 21 Jan 2019 18:52:11 +0100},
  biburl    = {https://dblp.org/rec/conf/ifip2/Wadler90.bib},
  bibsource = {dblp computer science bibliography, https://dblp.org}
}

@article{Bernardy2018,
author = {Bernardy, Jean-Philippe and Boespflug, Mathieu and Newton, Ryan R. and Peyton Jones, Simon and Spiwack, Arnaud},
title = {Linear Haskell: Practical Linearity in a Higher-Order Polymorphic Language},
year = {2017},
issue_date = {January 2018},
publisher = {Association for Computing Machinery},
address = {New York, NY, USA},
volume = {2},
number = {POPL},
doi = {10.1145/3158093},
journal = {Proc. ACM Program. Lang.},
month = dec,
articleno = {Article 5},
numpages = {29},
}

@article{Girard87,
author = {Girard, Jean-Yves},
title = {Linear Logic},
year = {1987},
issue_date = {January 1987},
publisher = {Elsevier Science Publishers Ltd.},
address = {GBR},
volume = {50},
number = {1},
issn = {0304-3975},
url = {https://doi.org/10.1016/0304-3975(87)90045-4},
doi = {10.1016/0304-3975(87)90045-4},
journal = {Theor. Comput. Sci.},
month = jan,
pages = {1â€“102},
numpages = {102}
}

@inproceedings{HYC08,
  author    = {Kohei Honda and
               Nobuko Yoshida and
               Marco Carbone},
  title     = {Multiparty asynchronous session types},
  booktitle = {POPL},
  year      = {2008},
  optpages     = {273-284},
  optvolume    = {43(1)},
  optpublisher = {ACM},
  doi       = {10.1145/1328438.1328472},
  note = {Full version in \cite{HYC16}},
  OPTee        = {http://doi.acm.org/10.1145/1328438.1328472},
  OPTbibsource = {DBLP, http://dblp.uni-trier.de}
}

@inproceedings{H93,
  author    = {Kohei Honda},
  title     = {Types for Dyadic Interaction},
  booktitle = {CONCUR},
  series    = {LNCS},
  publisher = {Springer},
  volume    = {715},
  pages     = {509--523},
  year      = {1993},
  opturl       = {http://dx.doi.org/10.1007/3-540-57208-2_35},
  doi       = {10.1007/3-540-57208-2_35},
  biburl    = {http://dblp.uni-trier.de/rec/bib/conf/concur/Honda93},
  bibsource = {dblp computer science bibliography, http://dblp.org}
}

@inproceedings{THK94,
  author    = {Kaku Takeuchi and
               Kohei Honda and
               Makoto Kubo},
  title     = {An Interaction-based Language and its Typing System},
  booktitle = {PARLE},
  series    = {LNCS},
  volume    = {817},
  publisher = {Springer},
  year      = {1994},
  pages     = {398-413},
  opturl       = {http://dx.doi.org/10.1007/3-540-58184-7_118},
  doi       = {10.1007/3-540-58184-7_118},
  biburl    = {http://dblp.uni-trier.de/rec/bib/conf/parle/TakeuchiHK94},
  bibsource = {dblp computer science bibliography, http://dblp.org}
}

@inproceedings{HVK98,
  author    = {Kohei Honda and Vasco Vasconcelos and Makoto Kubo},
  title     = {Language primitives and type disciplines for structured communication-based programming},
  booktitle = "ESOP",
  optseries    = "{LNCS}",
  optvolume    = "1381",
  optpages     = {22--138},
  year      = {1998},
  optpublisher = {{Springer}},
  doi       = {10.1007/BFb0053567}
}

@inproceedings{K02bis,
  author    = {Naoki Kobayashi},
  title     = {Type Systems for Concurrent Programs},
  booktitle = {10th Anniversary Colloquium of UNU/IIST},
  year      = {2002},
  optpages     = {439-453},
  doi = {10.1007/978-3-540-40007-3_26}
}


@unpublished{K07,
  author   ={Naoki Kobayashi},
  title    = {Type Systems for Concurrent Programs},
  year     = 2007,
  note     = {Extended version of \cite{K02bis}, Tohoku University},
  url      = {http://www.kb.ecei.tohoku.ac.jp/~koba/papers/tutorial-type-extended.pdf}
}

@article{BarendsenS96,
  author    = {Erik Barendsen and
               Sjaak Smetsers},
  title     = {Uniqueness Typing for Functional Languages with Graph Rewriting Semantics},
  journal   = {Math. Struct. Comput. Sci.},
  volume    = {6},
  number    = {6},
  pages     = {579--612},
  year      = {1996},
  timestamp = {Wed, 01 Apr 2020 08:48:44 +0200},
  biburl    = {https://dblp.org/rec/journals/mscs/BarendsenS96.bib},
  bibsource = {dblp computer science bibliography, https://dblp.org}
}

@inproceedings{MatsakisK14,
  author    = {Nicholas D. Matsakis and
               Felix S. Klock II},
  title     = {The rust language},
  booktitle = {{HILT}},
  pages     = {103--104},
  year      = {2014},
  publisher = {{ACM}},
  year      = {2014},
  doi       = {10.1145/2663171.2663188},
  timestamp = {Tue, 06 Nov 2018 16:57:53 +0100},
  biburl    = {https://dblp.org/rec/conf/sigada/MatsakisK14.bib},
  bibsource = {dblp computer science bibliography, https://dblp.org}
}